<record><leader>00000cas a22000007a 4500</leader><controlfield tag="001">26269122</controlfield><controlfield tag="008">920727d19621965scuwr ne      0    0eng d</controlfield><datafield ind1=" " ind2=" " tag="010"><subfield code="a">sn 92065589 </subfield></datafield><datafield ind1=" " ind2=" " tag="040"><subfield code="a">SVN</subfield><subfield code="b">eng</subfield><subfield code="c">SVN</subfield><subfield code="d">OCLCQ</subfield></datafield><datafield ind1=" " ind2=" " tag="042"><subfield code="a">msc</subfield></datafield><datafield ind1="0" ind2="4" tag="245"><subfield code="a">The Saluda Valley record.</subfield></datafield><datafield ind1=" " ind2=" " tag="260"><subfield code="a">Piedmont, S.C. :</subfield><subfield code="b">Saluda Valley Pub. Co.</subfield></datafield><datafield ind1=" " ind2=" " tag="300"><subfield code="a">v.</subfield></datafield><datafield ind1=" " ind2=" " tag="310"><subfield code="a">Weekly</subfield></datafield><datafield ind1="0" ind2=" " tag="362"><subfield code="a">Vol. 1, no. 1 (July 12, 1962)-</subfield></datafield><datafield ind1="1" ind2=" " tag="362"><subfield code="a">Ceased in 1965?</subfield><subfield code="z">Moore, South Carolina Newspapers.</subfield></datafield><datafield ind1=" " ind2="4" tag="651"><subfield code="a">Greenville County (S.C.)</subfield><subfield code="v">Newspapers.</subfield></datafield><datafield ind1=" " ind2=" " tag="752"><subfield code="a">United States</subfield><subfield code="b">South Carolina</subfield><subfield code="c">Greenville</subfield><subfield code="d">Piedmont.</subfield></datafield><datafield ind1="1" ind2=" " tag="029"><subfield code="a">AU@</subfield><subfield code="b">000020750099</subfield></datafield></record>